@article{Dolado200161,
title = "On the problem of the software cost function ",
journal = "Information and Software Technology ",
volume = "43",
number = "1",
pages = "61 - 72",
year = "2001",
note = "",
issn = "0950-5849",
doi = "http://dx.doi.org/10.1016/S0950-5849(00)00137-3",
url = "http://www.sciencedirect.com/science/article/pii/S0950584900001373",
author = "J.J Dolado",
keywords = "Software cost function",
keywords = "Genetic programming",
keywords = "Cost estimation",
keywords = "Empirical research "
}

@ARTICLE{1703110,
author={A. J. Albrecht and J. E. Gaffney},
journal={IEEE Transactions on Software Engineering},
title={Software Function, Source Lines of Code, and Development Effort Prediction: A Software Science Validation},
year={1983},
volume={SE-9},
number={6},
pages={639-648},
keywords={Cost estimating;function points;software linguistics;Application software;Information systems;Performance evaluation;Size measurement;Software design;Software measurement;Software performance;State estimation;Cost estimating;function points;software linguistics},
doi={10.1109/TSE.1983.235271},
ISSN={0098-5589},
month={Nov}
}

@article{MIYAZAKI19943,
title = "Robust regression for developing software estimation models",
journal = "Journal of Systems and Software",
volume = "27",
number = "1",
pages = "3 - 16",
year = "1994",
note = "",
issn = "0164-1212",
doi = "http://dx.doi.org/10.1016/0164-1212(94)90110-4",
url = "http://www.sciencedirect.com/science/article/pii/0164121294901104",
author = "Y. Miyazaki and M. Terakado and K. Ozaki and H. Nozaki",

}